@article{jurafsky2000speech,
  title={Speech and Language Processing An Introduction to Natural Language
Processing, Computational Linguistics, and Speech},
  author={Jurafsky, Daniel and James, H},
  year={2000},
  publisher={Pearson Education,}
}
